@incollection{sherali1998reformulation,
  title={Reformulation-linearization techniques for discrete optimization problems},
  author={Sherali, Hanif D and Adams, Warren P},
  booktitle={Handbook of combinatorial optimization},
  pages={479--532},
  year={1998},
  publisher={Springer}
}

@inproceedings{DBLP:conf/patat/OhS04,
  author    = {Jean Oh and
               Stephen F. Smith},
  title     = {Learning User Preferences in Distributed Calendar Scheduling},
  booktitle = {Practice and Theory of Automated Timetabling V, 5th International
               Conference ({PATAT}), Pittsburgh, PA, USA, August 18-20, 2004,
               Revised Selected Papers},
  pages     = {3--16},
  year      = {2004},
  url       = {https://doi.org/10.1007/11593577\_1},
  doi       = {10.1007/11593577\_1},
  timestamp = {Tue, 30 May 2017 16:36:53 +0200},
  biburl    = {https://dblp.org/rec/bib/conf/patat/OhS04},
  bibsource = {dblp computer science bibliography, https://dblp.org}
}
@incollection{DBLP:series/sci/Kingston13,
	author    = {Jeffrey H. Kingston},
	title     = {Educational Timetabling},
	booktitle = {Automated Scheduling and Planning - From Theory to Practice},
	pages     = {91--108},
	year      = {2013},
	url       = {https://doi.org/10.1007/978-3-642-39304-4\_4}
}

@article{DBLP:journals/anor/BanbaraIKOSSTW19,
	author    = {Mutsunori Banbara and
	Katsumi Inoue and
	Benjamin Kaufmann and
	Tenda Okimoto and
	Torsten Schaub and
	Takehide Soh and
	Naoyuki Tamura and
	Philipp Wanko},
	title     = {$teaspoo{n:}$ {S}olving the curriculum-based course timetabling problems
	with {A}nswer {S}et {P}rogramming},
	journal   = {Annals Operations Research},
	volume    = {275},
	number    = {1},
	pages     = {3--37},
	year      = {2019},
	url       = {https://doi.org/10.1007/s10479-018-2757-7}
}


@article{Bettinelli2015,

	url = {https://doi.org/10.1007/s11750-015-0366-z},
	year = {2015},

	publisher = {Springer},
	volume = {23},
	number = {2},
	pages = {313--349},
	author = {Andrea Bettinelli and Valentina Cacchiani and Roberto Roberti and Paolo Toth},
	title = {An overview of curriculum-based course timetabling},
	journal = {{TOP}}
}

@ARTICLE{6772729, 
author={R. W. Hamming}, 
journal={The Bell System Technical Journal}, 
title={Error detecting and error correcting codes}, 
year={1950}, 
volume={29}, 
number={2}, 
pages={147-160}, 
keywords={}, 
url = {https://doi.org/10.1002/j.1538-7305.1950.tb00463.x}, 
ISSN={0005-8580}
}
@article{DBLP:journals/siamcomp/EvenIS76,
  author    = {Shimon Even and
               Alon Itai and
               Adi Shamir},
  title     = {On the Complexity of Timetable and Multicommodity Flow Problems},
  journal   = {Society for Industrial and Applied Mathematics {SIAM} Journal on Computing},
  volume    = {5},
  number    = {4},
  pages     = {691--703},
  year      = {1976},
  url={ https://doi.org/10.1137/0205048}
}

@inproceedings{DBLP:conf/icip/FermanBES03,
  author    = {A. M{\"{u}}fit Ferman and
               Peter J. L. van Beek and
               James H. Errico and
               M. Ibrahim Sezan},
  title     = {Multimedia content recommendation engine with automatic inference
               of user preferences},
  booktitle = {Proceedings of the 2003 International Conference on Image Processing,
               {ICIP} 2003, Barcelona, Catalonia, Spain, September 14-18, 2003},
  pages     = {49--52},
  year      = {2003},
  url       = {https://doi.org/10.1109/ICIP.2003.1247178},
  doi       = {10.1109/ICIP.2003.1247178},
  timestamp = {Thu, 25 May 2017 00:40:27 +0200},
  biburl    = {https://dblp.org/rec/bib/conf/icip/FermanBES03},
  bibsource = {dblp computer science bibliography, https://dblp.org}
}
@article{LEMOS2018100092,
title = "Room usage optimization in timetabling: A case study at Universidade de Lisboa",
journal = "Operations Research Perspectives",
volume = "6",
pages = "100092",
year = "2019",
issn = "2214-7160",
url = "http://www.sciencedirect.com/science/article/pii/S2214716018301696",
author = "Alexandre Lemos and Francisco S. Melo and Pedro T. Monteiro and In\^es Lynce",
keywords = "University timetabling, Room usage optimization, Integer linear programming, Greedy algorithms"
}

@phdthesis{Lindahl,
  title     = "Strategic, Tactical and Operational University Timetabling",
  author    = "Michael Lindahl",
  year      = "2017",
  language  = "English",
  school = "DTU Management"
}
@inproceedings{DBLP:conf/patat/MullerRB04,
  author    = {Tom{\'{a}}s M{\"{u}}ller and
               Hana Rudov{\'{a}} and
               Roman Bart{\'{a}}k},
  title     = {Minimal Perturbation Problem in Course Timetabling},
  booktitle = {Proceedings of the 5th International Conference on the Practice and Theory of Automated Timetabling ({PATAT})},
  pages     = {126--146},
  year      = {2004},
  url       = {http://doi.org/10.1007/11593577_8}}
@article{APhillips2017,
  author    = {Antony E. Phillips and
               Cameron G. Walker and
               Matthias Ehrgott and
               David M. Ryan},
  title     = {Integer programming for minimal perturbation problems in university
               course timetabling},
  journal   = {Annals Operations Research},
  volume    = {252},
  number    = {2},
  pages     = {283--304},
  year      = {2017},
  url       = {https://doi.org/10.1007/s10479-015-2094-z}
}

@book{great1996space,
  title={Space Management in Higher Education: A Good Practice Guide},
  author={National Audit Office},
  year={1996},
  publisher={National Audit Office}
}
@article{Moura2010,
  doi = {10.1504/ijor.2010.030801},
  url = {https://doi.org/10.1504/ijor.2010.030801},
  year  = {2010},
  publisher = {Inderscience Publishers},
  volume = {7},
  number = {2},
  pages = {152},
  author = {Arnaldo Vieira Moura and Rafael Augusto Scaraficci},
  title = {A {GRASP} strategy for a more constrained School Timetabling Problem},
  journal = {International Journal of Operational Research}
}
@inproceedings{DBLP:conf/patat/BeyrouthyBSMMP06,
  author    = {Camille Beyrouthy and
               Edmund K. Burke and
               Dario Landa Silva and
               Barry McCollum and
               Paul McMullan and
               Andrew J. Parkes},
  title     = {The Teaching Space Allocation Problem with Splitting},
  booktitle = {Practice and Theory of Automated Timetabling VI, 6th International
               Conference, ({PATAT}) Revised Selected Papers},
  pages     = {228--247},
  year      = {2006},
  url       = {https://doi.org/10.1007/978-3-540-77345-0\_15},
  doi       = {10.1007/978-3-540-77345-0\_15}
}
@article{beyrouthy2009towards,

  url = {https://doi.org/10.1057/palgrave.jors.2602523},
  year  = {2009},
  publisher = {Informa {UK} Limited},
  volume = {60},
  number = {1},
  pages = {130--143},
  author = {C Beyrouthy and E K Burke and D Landa-Silva and B McCollum and P McMullan and A J Parkes},
  title = {Towards improving the utilization of university teaching space},
  journal = {Journal of the Operational Research Society}
}
@article{Gurski2014,
  doi = {10.19139/soic.v2i4.83},
  url = {https://doi.org/10.19139/soic.v2i4.83},
  year  = {2014},
  publisher = {International Academic Press},
  volume = {2},
  number = {4},
  author = {Frank Gurski},
  title = {Efficient Binary Linear Programming Formulations for Boolean Functions},
  journal = {Statistics,  Optimization {\&} Information Computing}
}
@inproceedings{DBLP:conf/csoc/NouriD16,
  author    = {Houssem Eddine Nouri and
               Olfa Belkahla Driss},
  title     = {{MATP:} {A} Multi-agent Model for the University Timetabling Problem},
  booktitle = {Software Engineering Perspectives and Application in Intelligent Systems
               - Proceedings of the 5th Computer Science On-line Conference
               (CSOC2016), Vol 2},
  pages     = {11--22},
  year      = {2016},
  url       = {https://doi.org/10.1007/978-3-319-33622-0\_2},
  doi       = {10.1007/978-3-319-33622-0\_2}
}
@inproceedings{nouri2013distributed,
  title={Distributed model for university course timetabling problem},
  author={Nouri, Houssern Eddine and Driss, Olfa Belkahla},
  booktitle={IEEE International Conference on Computer Applications Technology (ICCAT)},
  pages={1--6},
  year={2013}
  }
  @article{DBLP:journals/asc/SongLTPC18,
  author    = {Ting Song and
               Sanya Liu and
               Xiangyang Tang and
               Xicheng Peng and
               Mao Chen},
  title     = {An iterated local search algorithm for the University Course Timetabling
               Problem},
  journal   = {Applied Software Computing},
  volume    = {68},
  pages     = {597--608},
  year      = {2018},
  url       = {https://doi.org/10.1016/j.asoc.2018.04.034},
  doi       = {10.1016/j.asoc.2018.04.034}}
  @article{DBLP:journals/eor/LindahlMSS18,
  author    = {Michael Lindahl and
               Andrew J. Mason and
               Thomas R. Stidsen and
               Matias S{\o}rensen},
  title     = {A strategic view of University timetabling},
  journal   = {European Journal of Operational Research},
  volume    = {266},
  number    = {1},
  pages     = {35--45},
  year      = {2018},
  url       = {https://doi.org/10.1016/j.ejor.2017.09.022},
  doi       = {10.1016/j.ejor.2017.09.022}
}

@article{LINDAHL2019,
title = "Quality Recovering of University Timetables",
journal = "European Journal of Operational Research",
year = "2019",
issn = "0377-2217",
url = "http://www.sciencedirect.com/science/article/pii/S0377221719300451",
author = {Michael Lindahl and Thomas Stidsen and Matias S{\o}rensen},
keywords = "Timetabling, Disruptions, Multiple objective programming, Minimum Perturbation, Integer programming"
}

@incollection{Burke,
	url = {https://doi.org/10.1007/978-3-540-77903-2_63},
	publisher = {Springer},
	pages = {409--414},
	year={2008},
	author = {Edmund K. Burke and Jakub Mare{\v{c}}ek and Andrew J. Parkes and Hana Rudov{\'{a}}},
	title = {Penalising Patterns in Timetables: Novel Integer Programming Formulations},
	booktitle = {Operations Research Proceedings}
}

@article{DBLP:journals/cor/KuB16,
	author    = {Wen{-}Yang Ku and
	J. Christopher Beck},
	title     = {Mixed Integer Programming models for job shop scheduling: {A} computational
	analysis},
	journal   = {Computers {\&} Operations Research},
	volume    = {73},
	pages     = {165--173},
	year      = {2016},
	url       = {https://doi.org/10.1016/j.cor.2016.04.006}
}

@article{DBLP:journals/constraints/SakkoutW00,
  author    = {Hani El Sakkout and
               Mark Wallace},
  title     = {Probe Backtrack Search for Minimal Perturbation in Dynamic Scheduling},
  journal   = {Constraints},
  volume    = {5},
  number    = {4},
  pages     = {359--388},
  year      = {2000},
  url       = {https://doi.org/10.1023/A:1009856210543}
}


@article{kampke2015grasp,
  title={A {GRASP} algorithm with path relinking for the university courses timetabling problem},
  author={Kampke, Edmar Hell and de Souza Rocha, Walace and Boeres, Maria Claudia Silva and Rangel, Maria Cristina},
  journal={Proceeding Series of the Brazilian Society of Computational and Applied Mathematics},
  volume={3},
  number={2},
  doi={10.5540/03.2015.003.02.0108},
    pages     = {1--7},
  year={2015}
}
@article{DBLP:journals/constraints/ZivanGM11,
  author    = {Roie Zivan and
               Alon Grubshtein and
               Amnon Meisels},
  title     = {Hybrid search for minimal perturbation in Dynamic CSPs},
  journal   = {Constraints},
  volume    = {16},
  number    = {3},
  pages     = {228--249},
  year      = {2011},
  url       = {https://doi.org/10.1007/s10601-011-9108-5}
}
@article{DBLP:journals/cor/BurkeMPR10,
  author    = {Edmund K. Burke and
               Jakub Marecek and
               Andrew J. Parkes and
               Hana Rudov{\'{a}}},
  title     = {Decomposition, reformulation, and diving in university course timetabling},
  journal   = {Computers {\&} Operations Research},
  volume    = {37},
  number    = {3},
  pages     = {582--597},
  year      = {2010},
  url       = {https://doi.org/10.1016/j.cor.2009.02.023}}

@article{DBLP:journals/anor/SantosUOM12,
  author    = {Haroldo G. Santos and
               Eduardo Uchoa and
               Luiz Satoru Ochi and
               Nelson Maculan},
  title     = {Strong bounds with cut and column generation for class-teacher timetabling},
  journal   = {Annals Operations Research},
  volume    = {194},
  number    = {1},
  pages     = {399--412},
  year      = {2012},
  doi       = {10.1007/s10479-010-0709-y}
}
@article{DBLP:journals/ijaisc/HadjidjD10,
  author    = {Drifa Hadjidj and
               Habiba Drias},
  title     = {Grasp and Guided Local Search for the examination timetabling problem},
  journal   = {International Journal of Artificial Intelligence and Soft Computing},
  volume    = {2},
  number    = {1/2},
  pages     = {103--114},
  year      = {2010},
  url       = {https://doi.org/10.1504/IJAISC.2010.032515},
  doi       = {10.1504/IJAISC.2010.032515}
}
@article{DBLP:journals/cor/DornelesAB14,
  author    = {{\'{A}}rton P. Dorneles and
               Olinto C{\'{e}}sar Bassi de Ara{\'{u}}jo and
               Luciana S. Buriol},
  title     = {A fix-and-optimize heuristic for the high school timetabling problem},
  journal   = {Computers {\&} Operations Research},
  volume    = {52},
  pages     = {29--38},
  year      = {2014},
  doi       = {10.1016/j.cor.2014.06.023}
}
@inproceedings{casey2002grasping,
  title={GRASPing the examination scheduling problem},
  author={Casey, Stephen and Thompson, Jonathan},
  booktitle={Proceedings of the 4th International Conference on the Practice and Theory of Automated Timetabling (PATAT)},
  pages={232--244},
  year={2002},
  organization={Springer}
}

@article{DBLP:journals/anor/VrielinkJHH19,
	author    = {R. A. Oude Vrielink and
	E. A. Jansen and
	Erwin W. Hans and
	Jos van Hillegersberg},
	title     = {Practices in timetabling in higher education institutions: a systematic
	review},
	journal   = {Annals Operations Research},
	volume    = {275},
	number    = {1},
	pages     = {145--160},
	year      = {2019},
	url       = {https://doi.org/10.1007/s10479-017-2688-8}
}
@article{DBLP:journals/anor/PillayO19,
	author    = {Nelishia Pillay and
	Ender {\"{O}}zcan},
	title     = {Automated generation of constructive ordering heuristics for educational
	timetabling},
	journal   = {Annals Operations Research},
	volume    = {275},
	number    = {1},
	pages     = {181--208},
	year      = {2019},
	url       = {https://doi.org/10.1007/s10479-017-2625-x}
}
@article{DBLP:journals/scheduling/BellioGS12,
	author    = {Ruggero Bellio and
	Luca Di Gaspero and
	Andrea Schaerf},
	title     = {Design and statistical analysis of a hybrid local search algorithm
	for course timetabling},
	journal   = {Journal of Scheduling},
	volume    = {15},
	number    = {1},
	pages     = {49--61},
	year      = {2012},
	url       = {https://doi.org/10.1007/s10951-011-0224-2}
}

@article{DBLP:journals/anor/AchaN14,
	author    = {Roberto Javier As{\'{\i}}n Ach{\'{a}} and
	Robert Nieuwenhuis},
	title     = {Curriculum-based course timetabling with {SAT} and {M}ax{SAT}},
	journal   = {Annals Operations Research},
	volume    = {218},
	number    = {1},
	pages     = {71--91},
	year      = {2014},
	url       = {https://doi.org/10.1007/s10479-012-1081-x}
}
@INPROCEEDINGS{mccollum2006university,
    author = {Barry McCollum},
    title = {University Timetabling: Bridging the Gap between Research and Practice},
    booktitle = {Proceedings of the 5th International Conference on the Practice and Theory of Automated Timetabling ({PATAT})},
    year = {2006},
    pages = {15--35},
    url={http://doi.org/10.1007/978-3-540-77345-0_1},
    publisher = {Springer}
}
@article{d2007conflict,
  title={Conflict resolution and train speed coordination for solving real-time timetable perturbations},
  author={D'Ariano, Andrea and Pranzo, Marco and Hansen, Ingo A},
  journal={{IEEE} Transactions on Intelligent Transportation Systems},
  volume={8},
  number={2},
  pages={208--222},
  year={2007},
  publisher={IEEE}
}
@article{altazin2017rescheduling,
  title={Rescheduling through stop-skipping in dense railway systems},
  author={Altazin, Estelle and Dauz{\`e}re-P{\'e}r{\`e}s, St{\'e}phane and Ramond, Fran{\c{c}}ois and Tr{\'e}fond, Sabine},
  journal={Transportation Research Part C: Emerging Technologies},
  volume={79},
  pages={73--84},
  year={2017},
  publisher={Elsevier}
}


@inproceedings{banbara2016teaspoon,
  title={$teaspoon:$ {S}olving the curriculum-based course timetabling problems with {A}nswer {S}et {P}rogramming},
  author={Banbara, Mutsunori and Inoue, Katsumi and Kaufmann, Benjamin and Schaub, Torsten and Soh, Takehide and Tamura, Naoyuki and Wanko, Philipp},
  booktitle={Proceeding of 11th International Conference of the Practice and Theory of Automated Timetabling ({PATAT}) },
  pages={13--32},
  year={2016}
}

@inproceedings{DBLP:conf/patat/grasp,
  author    = {de Souza Rocha, Walace and Claudia, Maria and Boeres, Silva and Rangel, Maria Cristina},
  title     = {A {GRASP} Algorithm for the University Timetabling Problem},
  booktitle = {Proceeding of 9th International Conference of the Practice and Theory of Automated Timetabling ({PATAT}) },
  pages     = {404-406},
  year      = {2012}}
  
  
@article{DBLP:journals/anor/GogosAH12,
  author    = {Christos Gogos and
               Panayiotis Alefragis and
               Efthymios Housos},
  title     = {An improved multi-staged algorithmic process for the solution of the
               examination timetabling problem},
  journal   = {Annals Operations Research},
  volume    = {194},
  number    = {1},
  pages     = {203--221},
  year      = {2012},
  doi       = {10.1007/s10479-010-0712-3}
}
@article{DBLP:journals/anor/BurkeQS14,
  author    = {Edmund K. Burke and
               Rong Qu and
               Amr Soghier},
  title     = {Adaptive selection of heuristics for improving exam timetables},
  journal   = {Annals Operations Research},
  volume    = {218},
  number    = {1},
  pages     = {129--145},
  year      = {2014},
  url       = {https://doi.org/10.1007/s10479-012-1140-3},
  doi       = {10.1007/s10479-012-1140-3}
}


@techreport{lewis2007post,
 author={Lewis, Rhydian and Paechter, Ben and McCollum, Barry},
  title={Post enrolment based course timetabling: A description of the problem model used for track two of the second international timetabling competition},
  number={A2007/3},
  pages={1-15 },
  year={2007},
  institution={Cardiff Business School},
  type={Cardiff Working Papers in Accounting and Finance}
}
@article{runsolver,
	author    = {O. Roussel},
	title     = {Controlling a Solver Execution with the runsolver Tool},
 journal={Journal on Satisfiability, Boolean Modelling and Computation},
  volume={7},
  pages={139--144},
  year={2011},
	number    = {4}
}

@techreport{di2007second, title={The Second International Timetabling Competition ({ITC}-2007): Curriculum-based Course Timetabling (Track 3)}, author={Di Gaspero, Luca and Schaerf, Andrea and McCollum, Barry},institution={Queen’s University}, year={2007} }

@Article{M2009,
author="M{\"u}ller, Tom{\'a}{\v{s}}",
title="{ITC}-2007 solver description: a hybrid approach",
journal="Annals of Operations Research",
year="2009",
url={https://doi.org/10.1007/s10479-009-0644-y},
volume="172",
number="1",
pages="429"
}

@article{DBLP:journals/cor/CacchianiCRT13,
  author    = {Valentina Cacchiani and
               Alberto Caprara and
               Roberto Roberti and
               Paolo Toth},
  title     = {A new lower bound for curriculum-based course timetabling},
  journal   = {Computers {\&} Operations Research},
  volume    = {40},
  number    = {10},
  pages     = {2466--2477},
  year      = {2013},
  url       = {https://doi.org/10.1016/j.cor.2013.02.010}
}
@article{DBLP:journals/eor/VermuytenLMB16,
  author    = {Hendrik Vermuyten and
               Stefan Lemmens and
               In{\^{e}}s Marques and
               Jeroen Beli{\"{e}}n},
  title     = {Developing compact course timetables with optimized student flows},
  journal   = {European Journal of Operational Research},
  volume    = {251},
  number    = {2},
  pages     = {651--661},
  year      = {2016},
  url       = {https://doi.org/10.1016/j.ejor.2015.11.028}
}
@misc{gurobi,
   author = "Gurobi Optimization, LLC",
   title = "Gurobi Optimizer Reference Manual",
   year = 2018,
   url = "http://www.gurobi.com"
 }
 

 
 
@article{DBLP:journals/interfaces/FylstraLWW98,
  author    = {Daniel H. Fylstra and
               Leon S. Lasdon and
               John Watson and
               Allan D. Waren},
  title     = {Design and Use of the {M}icrosoft {E}xcel Solver},
  journal   = {Interfaces},
  volume    = {28},
  number    = {5},
  pages     = {29--55},
  year      = {1998},
  url       = {https://doi.org/10.1287/inte.28.5.29}
}
@inproceedings{DBLP:conf/wea/LachL08,
  author    = {Gerald Lach and
               Marco E. L{\"{u}}bbecke},
  title     = {Optimal University Course Timetables and the Partial Transversal Polytope},
  booktitle = {Experimental Algorithms, 7th International Workshop},
  pages     = {235--248},
  year      = {2008},
  url       = {https://doi.org/10.1007/978-3-540-68552-4_18}}
  
@phdthesis{Muller,
    title    = {Constraint-based Timetabling },
    school   = {Charles University in Prague
Faculty of Mathematics and Physics },
    author   = {Tom{\'{a}}s M{\"{u}}ller},
    year     = {2005},
    type     = {{PhD} dissertation},
}
@misc{cplex2009v12,
  title={Optimization Studio {CPLEX} User' s Manual, Version 12 Release 8},
author={{IBM ILOG}},

  year={2017}
}
@Book{Cormen09a,
  Title                    = {Introduction to Algorithms},
  Author                   = {Thomas H. Cormen and Charles E. Leiserson and Ronald L. Rivest and Clifford Stein},
  Publisher                = {The MIT Press},
  ISBN={9780262033848},
  Year                     = {2009}
}

@misc{Greedy,
  title = {When Greedy Algorithms are Good Enough: Submodularity and the (1 -  1/e) Approximation},
  howpublished = {https://jeremykun.com/2014/07/07/when-greedy-algorithms-are-good-enough-submodularity-and-the-1-1e-approximation/},
  year={2014},
  note = {Accessed: 2017-07-03}
}
@article{edmonds1970submodular,
  title={Submodular functions, matroids, and certain polyhedra},
  author={Edmonds, Jack},
  journal={Combinatorial Optimization},
  volume={11},
  year={1970},
  pages={11-26},
  publisher={Springer}
}
@book{welsh2010matroid,
  title={Matroid theory},
  author={Welsh, Dominic JA},
  year={2010},
  publisher={Courier Corporation}
}

@inproceedings{ba,
  title={A Hungarian Based Algorithm for the Academic Scheduling Problem},
  author={Bahurmoz, Asma MA},
  booktitle={Proceedings of the 5th International Conference on the Practice and Theory of Automated Timetabling (PATAT)},
  pages={425--429},
  year={2004},
  organization={Springer}
}
@article{kuhn1955hungarian,
  title={The Hungarian method for the assignment problem},
  author={Kuhn, Harold W},
  journal={Naval Research Logistics {NRL}},
  volume={2},
  number={1-2},
  pages={83--97},
  year={1955},
  publisher={Wiley Online Library}
}
@article{DBLP:journals/anor/MullerR16,
  author    = {Tom{\'{a}}s M{\"{u}}ller and
               Hana Rudov{\'{a}}},
  title     = {Real-life curriculum-based timetabling with elective courses and course
               sections},
  journal   = {Annals Operations Research},
  volume    = {239},
  number    = {1},
  pages     = {153--170},
  year      = {2016},
  doi       = {10.1007/s10479-014-1643-1}
}
@article{DBLP:journals/ijamc-igi/OzcanMOB10,
  author    = {Ender {\"{O}}zcan and
               Mustafa Misir and
               Gabriela Ochoa and
               Edmund K. Burke},
  title     = {A Reinforcement Learning - Great-Deluge Hyper-Heuristic for Examination
               Timetabling},
  journal   = {International Journal of Applied Metaheuristic Computing},
  volume    = {1},
  number    = {1},
  pages     = {39--59},
  year      = {2010}
}

@InProceedings{itc-2019,
  title={University Course Timetabling and International Timetabling Competition 2019},
  author={M{\"u}ller, Tom{\'a}{\v{s}} and Rudov{\'a}, Hana and M{\"u}llerov{\'a}, Zuzana},
   booktitle = {Proceedings of the 12th International Conference on the Practice and Theory of Automated Timetabling ({PATAT})},
   year={2018},  pages= {27}
  
}

